% Optional fields: type, number, address, month, note
@misc{libos,
  author = "Hajime Tazaki",
  title = "libos-nuse : net-next-nuse",
  howpublished = "https://github.com/libos-nuse/net-next-nuse",
}

@misc{dce,
  title = "NS-3 : Direct Code Execution",
  howpublished = "https://www.nsnam.org/overview/projects/direct-code-execution",
}

@article{api,
  author  = "Benjamin Hesmans, Olivier Bonaventure,
  title   = "An enhanced socket API for Multipath TCP",
  url = "https://irtf.org/anrw/2016/anrw16-final16.pdf",
}

